

@inproceedings{BCZS+16,
  title={{Man is to Computer Programmer as Woman is to Homemaker? Debiasing Word Embeddings}},
  author={Bolukbasi, Tolga and Chang, Kai-Wei and Zou, James Y and Saligrama, Venkatesh and Kalai, Adam T},
  booktitle={Advances in neural information processing systems},
  pages={4349--4357},
  year={2016}
}

@inproceedings{BG18,
  title={{Gender Shades: Intersectional Accuracy Disparities in Commercial Gender Classification}},
  author={Buolamwini, Joy and Gebru, Timnit},
  booktitle={Conference on fairness, accountability and transparency},
  pages={77--91},
  year={2018}
}

@inproceedings{ZWSP+13,
  title={{Learning Fair Representations}},
  author={Zemel, Rich and Wu, Yu and Swersky, Kevin and Pitassi, Toni and Dwork, Cynthia},
  booktitle={International Conference on Machine Learning},
  pages={325--333},
  year={2013}
}

@inproceedings{HPS16,
  title={{Equality of Opportunity in Supervised Learning}},
  author={Hardt, Moritz and Price, Eric and Srebro, Nati and others},
  booktitle={Advances in neural information processing systems},
  pages={3315--3323},
  year={2016}
}

@article{ABDL+18,
  title={{A Reductions Approach to Fair Classification}},
  author={Agarwal, Alekh and Beygelzimer, Alina and Dud{\'\i}k, Miroslav and Langford, John and Wallach, Hanna},
  journal={arXiv preprint arXiv:1803.02453},
  year={2018}
}